<?xml version="1.0" encoding="UTF-8"?><collection xmlns="http://www.loc.gov/MARC21/slim"><record><leader>00360nam--2200145-i-4500</leader><controlfield tag="001">000023073</controlfield><controlfield tag="002">20161230</controlfield><controlfield tag="005">20161230201034</controlfield><controlfield tag="008">060222s1000------------r-----000-0-eng-d</controlfield><datafield ind1=" " ind2=" " tag="080"><subfield code="a">517.942:061.3</subfield></datafield><datafield ind1=" " ind2=" " tag="245"><subfield code="a">Inequalities</subfield></datafield><datafield ind1=" " ind2=" " tag="260"><subfield code="a">New York, Academic Press, 1967. Xiv + 360p</subfield></datafield><datafield ind1=" " ind2=" " tag="700"><subfield code="a">Oved Shisha</subfield></datafield><datafield ind1=" " ind2=" " tag="852"><subfield code="a">35255</subfield><subfield code="c">517</subfield></datafield><datafield ind1=" " ind2=" " tag="CAT"><subfield code="a">Sys</subfield><subfield code="c">20080619</subfield><subfield code="h">101517</subfield></datafield></record></collection>